<?xml version="1.0" encoding="utf-8"?>
<record xmlns="http://www.loc.gov/MARC21/slim" xmlns:xsi="http://www.w3.org/2001/XMLSchema-instance" xsi:schemaLocation="http://www.loc.gov/MARC21/slim http://www.loc.gov/standards/marcxml/schema/MARC21slim.xsd">
	<leader>     nam a22        4500</leader>
	<controlfield tag="001">b12327943</controlfield>
	<controlfield tag="003">LeBAU</controlfield>
	<controlfield tag="006">m        d        </controlfield>
	<controlfield tag="007">cr cn |||m|||a</controlfield>
	<controlfield tag="008">170509s1937    ua      o     ||0 0 ara d</controlfield>
	<datafield ind1=" " ind2=" " tag="040">
		<subfield code="a">NNU</subfield>
		<subfield code="b">ara</subfield>
		<subfield code="e">rda</subfield>
		<subfield code="c">NNU</subfield>
	</datafield>
	<datafield ind1=" " ind2="4" tag="050">
		<subfield code="a">BP189.7.T5</subfield>
		<subfield code="b">U43 1937</subfield>
	</datafield>
	<datafield ind1="0" ind2="4" tag="082">
		<subfield code="a">297.4</subfield>
		<subfield code="2">22</subfield>
	</datafield>
	<datafield ind1="1" ind2=" " tag="100">
		<subfield code="6">880-01</subfield>
		<subfield code="a">ʻUmarī, al-ʻArabī ibn Muḥammad,</subfield>
		<subfield code="d">1813 or 1814-1891 or 1892,</subfield>
		<subfield code="e">author.</subfield>
	</datafield>
	<datafield ind1="1" ind2="0" tag="245">
		<subfield code="6">880-02</subfield>
		<subfield code="a">Bughyat al-mustafīd li-sharḥ Munyat al-murīd /</subfield>
		<subfield code="c">taʼlīf al-imām al-‘allāmah al-shahīr al-qudwah al-‘ārif billāh ta‘ālá ustādh al-Maghrib al-Aqṣá wa-‘anqā’ maghribih al-mubriz bi-ikhtiṣāṣihi bi-alfaḍā’il naṣṣan al-Shaykh sayyidī Muḥammad al-ʻArabī ibn al-Sāʼih al-Sharqī al-ʻUmarī nasabahu al-Tijānī mashrabahu... Wa-qad ulḥiqa bihi Sirrīyat al-ḥaqq wa-al-intiṣār wa-al-dhabb ʻan awliyāʼ Allāh al-akhyār; Wa-bi-hāmishihi kitāb al-Jaysh al-kafīl bi-akhdh al-thaʼr mimman salla ʻalā al-shaykh al-Tijānī sayf al-inkār / wa-kilāhumā taʼlīfa l-adīb al-bāri‘ al-ḥāfiẓ al-muṭāli‘ al-‘ālim al-‘allāmah al-muḥaqqiq al-fahhāmah sayyidī Muḥammad ibn Muḥammad al-Ṣaghīr al-Shinjiṭī al-Tashītī.</subfield>
	</datafield>
	<datafield ind1=" " ind2="1" tag="264">
		<subfield code="6">880-03</subfield>
		<subfield code="a">Miṣr :</subfield>
		<subfield code="b">al-Maktabah al-Tijārīyah,</subfield>
		<subfield code="c">1356 H., [1937? M.]</subfield>
	</datafield>
	<datafield ind1=" " ind2=" " tag="300">
		<subfield code="6">880-04</subfield>
		<subfield code="a">online resource (8, 311 pages)</subfield>
	</datafield>
	<datafield ind1=" " ind2=" " tag="336">
		<subfield code="a">text</subfield>
		<subfield code="2">rdacontent</subfield>
	</datafield>
	<datafield ind1=" " ind2=" " tag="337">
		<subfield code="a">computer</subfield>
		<subfield code="2">rdamedia</subfield>
	</datafield>
	<datafield ind1=" " ind2=" " tag="338">
		<subfield code="a">online resource</subfield>
		<subfield code="2">rdacarrier</subfield>
	</datafield>
	<datafield ind1=" " ind2=" " tag="500">
		<subfield code="a">Part of the Arabic Collections Online (ACO) project, contributed by American University of Beirut's Jafet Memorial Library.</subfield>
	</datafield>
	<datafield ind1=" " ind2=" " tag="533">
		<subfield code="a">Electronic reproduction.</subfield>
		<subfield code="b">New York, N.Y. :</subfield>
		<subfield code="c">New York University,</subfield>
		<subfield code="d">2017.</subfield>
		<subfield code="5">NNU</subfield>
	</datafield>
	<datafield ind1=" " ind2="0" tag="650">
		<subfield code="6">880-05</subfield>
		<subfield code="a">Sufism.</subfield>
	</datafield>
	<datafield ind1=" " ind2="0" tag="650">
		<subfield code="6">880-06</subfield>
		<subfield code="a">Tijānīyah.</subfield>
	</datafield>
	<datafield ind1="1" ind2="2" tag="700">
		<subfield code="6">880-07</subfield>
		<subfield code="a">Shinjīṭī, Muḥammad ibn Muḥammad al-Ṣaghīr.</subfield>
		<subfield code="t">Sirrīyat al-ḥaqq wa-al-intiṣār wa-al-dhabb ʻan awliyāʼ Allāh al-akhyār.</subfield>
	</datafield>
	<datafield ind1="1" ind2="2" tag="700">
		<subfield code="6">880-08</subfield>
		<subfield code="a">Shinjīṭī, Muḥammad ibn Muḥammad al-Ṣaghīr.</subfield>
		<subfield code="t">Jaysh al-kafīl bi-akhdh al-thaʼr mimman salla ʻalá al-shaykh al-Tijānī sayf al-inkār.</subfield>
	</datafield>
	<datafield ind1="2" ind2=" " tag="710">
		<subfield code="a">Jafet Memorial Library.</subfield>
	</datafield>
	<datafield ind1="0" ind2=" " tag="730">
		<subfield code="a">Arabic Collections Online.</subfield>
	</datafield>
	<datafield ind1="0" ind2="8" tag="776">
		<subfield code="i">Print version:</subfield>
		<subfield code="a">ʻUmarī, al-ʻArabī ibn Muḥammad, 1813 or 1814-1891 or 1892, author.</subfield>
		<subfield code="t">Bughyat al-mustafīd li-sharḥ Munyat al-murīd</subfield>
		<subfield code="w">(LeBAU)b12327943</subfield>
	</datafield>
	<datafield ind1="4" ind2="0" tag="856">
		<subfield code="u">http://hdl.handle.net/2333.1/w6m90bdc</subfield>
	</datafield>
	<datafield ind1="1" ind2=" " tag="880">
		<subfield code="6">100-01/r</subfield>
		<subfield code="a">العمري، العربي بن محمد،</subfield>
		<subfield code="d">1813 او 1814-1891 او 1892،</subfield>
		<subfield code="e">مؤلف.</subfield>
		<subfield code="4">aut.</subfield>
	</datafield>
	<datafield ind1="1" ind2="0" tag="880">
		<subfield code="6">245-02/r</subfield>
		<subfield code="a">بغية المستفيد لشرح منية المريد /</subfield>
		<subfield code="c">تأليف الإمام العلامة الشهير القدوة العارف بالله تعالى أستاذ المغرب الأقصى وعنقاء مغربه المبرز بإختصاصه بالفضائل نصا الشيخ سيدي محمد العربي بن السائح الشرقي العمري نسبه التجاني مشربه... وقد ألحق به سرية الحق والإنتصار والذب عن أولياء الله الأخيار؛ وبهامشه كتاب الجيش الكفيل بأخذ الثأر ممن سل على الشيخ التجاني سيف الإنكار / وكلاهما تأليف الأديب البارع الحافظ المطالع العالم العلامة المحقق الفهامة سيدي محمد بن محمد الصغير الشنجيطي التشيتي.</subfield>
	</datafield>
	<datafield ind1=" " ind2="1" tag="880">
		<subfield code="6">264-03/r</subfield>
		<subfield code="a">مصر :</subfield>
		<subfield code="b">المكتبة التجارية،</subfield>
		<subfield code="c">1356 هـ.، [1937؟ م.]</subfield>
	</datafield>
	<datafield ind1=" " ind2=" " tag="880">
		<subfield code="6">300-04/r</subfield>
		<subfield code="a">8، 311 صفحة ؛</subfield>
		<subfield code="c">28 سم</subfield>
	</datafield>
	<datafield ind1=" " ind2="4" tag="880">
		<subfield code="6">650-05/r</subfield>
		<subfield code="a">التصوف.</subfield>
	</datafield>
	<datafield ind1=" " ind2="4" tag="880">
		<subfield code="6">650-06/r</subfield>
		<subfield code="a">التجانية.</subfield>
	</datafield>
	<datafield ind1="1" ind2="2" tag="880">
		<subfield code="6">700-07/r</subfield>
		<subfield code="a">الشنجيطي، محمد بن محمد الصغير.</subfield>
		<subfield code="t">سرية الحق والإنتصار والذب عن أولياء الله الأخيار.</subfield>
	</datafield>
	<datafield ind1="1" ind2="2" tag="880">
		<subfield code="6">700-08/r</subfield>
		<subfield code="a">الشنجيطي، محمد بن محمد الصغير.</subfield>
		<subfield code="t">الجيش الكفيل بأخذ الثأر ممن سل على الشيخ التجاني سيف الإنكار.</subfield>
	</datafield>
	<datafield ind1=" " ind2=" " tag="959">
		<subfield code="a">NNU</subfield>
		<subfield code="b">WEB</subfield>
		<subfield code="c">GENI</subfield>
		<subfield code="t">0</subfield>
		<subfield code="m">Electronic access</subfield>
		<subfield code="s">01</subfield>
	</datafield>
	<datafield ind1=" " ind2=" " tag="999">
		<subfield code="i">LeBAU_b12327943</subfield>
		<subfield code="s">aub_aco000686</subfield>
		<subfield code="e">(ERROR-MISC)</subfield>
		<subfield code="s">aub_aco000686</subfield>
	</datafield>
</record>
